{
  "EA": {
    "quote": {
      "symbol": "EA",
      "companyName": "Electronic Arts Inc.",
      "primaryExchange": "Nasdaq Global Select",
      "sector": "Technology",
      "calculationPrice": "tops",
      "open": 115.13,
      "openTime": 1535722200194,
      "close": 115.94,
      "closeTime": 1535659200477,
      "high": 115.499,
      "low": 113.09,
      "latestPrice": 114.14,
      "latestSource": "IEX real time price",
      "latestTime": "11:56:45 AM",
      "latestUpdate": 1535731005059,
      "latestVolume": 4879893,
      "iexRealtimePrice": 114.14,
      "iexRealtimeSize": 200,
      "iexLastUpdated": 1535731005059,
      "delayedPrice": 114.01,
      "delayedPriceTime": 1535730118883,
      "extendedPrice": 114.14,
      "extendedChange": 0,
      "extendedChangePercent": 0,
      "extendedPriceTime": 1535731005059,
      "previousClose": 115.94,
      "change": -1.8,
      "changePercent": -0.01553,
      "iexMarketPercent": 0.04486,
      "iexVolume": 218912,
      "avgTotalVolume": 4431559,
      "iexBidPrice": 113.2,
      "iexBidSize": 100,
      "iexAskPrice": 115.48,
      "iexAskSize": 200,
      "marketCap": 34791956196,
      "peRatio": 29.34,
      "week52High": 151.2581,
      "week52Low": 99.63,
      "ytdChange": 0.04376648241206025
    },
    "peers": [
      "MSFT",
      "TTWO",
      "GLUU",
      "ATVI",
      "SNE",
      "DIS",
      "ZNGA",
      "COOL",
      "XLK"
    ],
    "news": [
      {
        "datetime": "2018-08-31T08:52:26-04:00",
        "headline": "BofAML steps to EA sidelines after bookings revision",
        "source": "SeekingAlpha",
        "url": "https://api.iextrading.com/1.0/stock/ea/article/5397276239142930",
        "summary": "      Bank of America Merrill Lynch cuts Electronic Arts (NASDAQ: EA ) from Buy to Neutral on the companys lowered guidance, which the firm says will change investor optimism dynamics and pressure unit sales.   More news on: Electronic Arts Inc., Tech stocks news,     Read more …     ",
        "related": "APPSOFTW,EA,ELE31165130,NASDAQ01,Computing and Information Technology",
        "image": "https://api.iextrading.com/1.0/stock/ea/news-image/5397276239142930"
      }
    ],
    "stats": {
      "companyName": "Electronic Arts Inc.",
      "marketcap": 35340629064,
      "beta": 0.607657,
      "week52high": 151.2581,
      "week52low": 99.63,
      "week52change": 10.2968,
      "shortInterest": 9269866,
      "shortDate": "2018-08-15",
      "dividendRate": 0,
      "dividendYield": 0,
      "exDividendDate": 0,
      "latestEPS": 3.33,
      "latestEPSDate": "2018-03-31",
      "sharesOutstanding": 304818260,
      "float": 301847174,
      "returnOnEquity": 14.05,
      "consensusEPS": 0.4,
      "numberOfEstimates": 9,
      "EPSSurpriseDollar": null,
      "EPSSurprisePercent": 25,
      "symbol": "EA",
      "EBITDA": 4000000,
      "revenue": 2119000000,
      "grossProfit": 1229000000,
      "cash": 9239000000,
      "debt": 0,
      "ttmEPS": 3.89,
      "revenuePerShare": 7,
      "revenuePerEmployee": 227849,
      "peRatioHigh": 0,
      "peRatioLow": 17.3,
      "returnOnAssets": 8.77,
      "returnOnCapital": null,
      "profitMargin": 13.86,
      "priceToSales": 8.0974045,
      "priceToBook": 7.45,
      "day200MovingAvg": 124.49035,
      "day50MovingAvg": 137.624,
      "institutionPercent": 97,
      "insiderPercent": null,
      "shortRatio": 2.0790854,
      "year5ChangePercent": 3.2375730994152048,
      "year2ChangePercent": 0.4185733512786002,
      "year1ChangePercent": -0.049438386488480784,
      "ytdChangePercent": 0.05929648241206025,
      "month6ChangePercent": -0.06273241713823771,
      "month3ChangePercent": -0.11745451777422551,
      "month1ChangePercent": -0.08137231598130099,
      "day5ChangePercent": -0.10103124757695589,
      "day30ChangePercent": -0.21385950637374557
    },
    "financials": {
      "symbol": "EA",
      "financials": [
        {
          "reportDate": "2018-03-31",
          "grossProfit": 3873000000,
          "costOfRevenue": 1277000000,
          "operatingRevenue": 5150000000,
          "totalRevenue": 5150000000,
          "operatingIncome": 1434000000,
          "netIncome": 1043000000,
          "researchAndDevelopment": 1320000000,
          "operatingExpense": 2439000000,
          "currentAssets": 6004000000,
          "totalAssets": 8584000000,
          "totalLiabilities": null,
          "currentCash": 4258000000,
          "currentDebt": null,
          "totalCash": 5331000000,
          "totalDebt": null,
          "shareholderEquity": 4595000000,
          "cashChange": 1671000000,
          "cashFlow": 1692000000,
          "operatingGainsLosses": null
        },
        {
          "reportDate": "2017-03-31",
          "grossProfit": 3547000000,
          "costOfRevenue": 1298000000,
          "operatingRevenue": 4845000000,
          "totalRevenue": 4845000000,
          "operatingIncome": 1224000000,
          "netIncome": 967000000,
          "researchAndDevelopment": 1205000000,
          "operatingExpense": 2323000000,
          "currentAssets": 5199000000,
          "totalAssets": 7718000000,
          "totalLiabilities": null,
          "currentCash": 2565000000,
          "currentDebt": null,
          "totalCash": 4532000000,
          "totalDebt": null,
          "shareholderEquity": 4060000000,
          "cashChange": 90000000,
          "cashFlow": 1578000000,
          "operatingGainsLosses": null
        },
        {
          "reportDate": "2016-03-31",
          "grossProfit": 3042000000,
          "costOfRevenue": 1354000000,
          "operatingRevenue": 4396000000,
          "totalRevenue": 4396000000,
          "operatingIncome": 898000000,
          "netIncome": 1156000000,
          "researchAndDevelopment": 1109000000,
          "operatingExpense": 2144000000,
          "currentAssets": 4354000000,
          "totalAssets": 7050000000,
          "totalLiabilities": null,
          "currentCash": 2493000000,
          "currentDebt": 163000000,
          "totalCash": 3834000000,
          "totalDebt": 1152000000,
          "shareholderEquity": 3396000000,
          "cashChange": 433000000,
          "cashFlow": 1223000000,
          "operatingGainsLosses": null
        },
        {
          "reportDate": "2015-03-31",
          "grossProfit": 3086000000,
          "costOfRevenue": 1429000000,
          "operatingRevenue": 4515000000,
          "totalRevenue": 4515000000,
          "operatingIncome": 945000000,
          "netIncome": 875000000,
          "researchAndDevelopment": 1094000000,
          "operatingExpense": 2141000000,
          "currentAssets": 3720000000,
          "totalAssets": 6147000000,
          "totalLiabilities": null,
          "currentCash": 2068000000,
          "currentDebt": 633000000,
          "totalCash": 3021000000,
          "totalDebt": 664000000,
          "shareholderEquity": 3036000000,
          "cashChange": 342000000,
          "cashFlow": 1067000000,
          "operatingGainsLosses": null
        }
      ]
    }
  },
  "MSFT": {
    "quote": {
      "symbol": "MSFT",
      "companyName": "Microsoft Corporation",
      "primaryExchange": "Nasdaq Global Select",
      "sector": "Technology",
      "calculationPrice": "tops",
      "open": 111.55,
      "openTime": 1535722200183,
      "close": 111.95,
      "closeTime": 1535659200276,
      "high": 112.777,
      "low": 111.55,
      "latestPrice": 112.025,
      "latestSource": "IEX real time price",
      "latestTime": "11:56:59 AM",
      "latestUpdate": 1535731019532,
      "latestVolume": 7367574,
      "iexRealtimePrice": 112.025,
      "iexRealtimeSize": 200,
      "iexLastUpdated": 1535731019532,
      "delayedPrice": 112.225,
      "delayedPriceTime": 1535730119164,
      "extendedPrice": 112.025,
      "extendedChange": 0,
      "extendedChangePercent": 0,
      "extendedPriceTime": 1535731019532,
      "previousClose": 111.95,
      "change": 0.075,
      "changePercent": 0.00067,
      "iexMarketPercent": 0.02535,
      "iexVolume": 186768,
      "avgTotalVolume": 24628104,
      "iexBidPrice": 97,
      "iexBidSize": 270,
      "iexAskPrice": 112.08,
      "iexAskSize": 100,
      "marketCap": 859032044825,
      "peRatio": 31.92,
      "week52High": 112.025,
      "week52Low": 72.05,
      "ytdChange": 0.3200198357147234
    },
    "peers": [
      "CSCO",
      "AAPL",
      "CA",
      "SAP",
      "RHT",
      "IBM",
      "ORCL",
      "HPQ",
      "GOOGL",
      "XLK"
    ],
    "news": [
      {
        "datetime": "2018-08-30T14:08:52-04:00",
        "headline": "Microsoft will allow unlimited device installs in Office 365",
        "source": "SeekingAlpha",
        "url": "https://api.iextrading.com/1.0/stock/msft/article/8194032901676176",
        "summary": "      Microsoft (NASDAQ: MSFT ) will  include unlimited device  use in its fall update to Office 365 Home and Personal subscriptions.   More news on: Microsoft Corporation, Tech stocks news,     Read more …     ",
        "related": "APPSOFTW,MSFT,NASDAQ01,SOF31165134,Computing and Information Technology,WOMPOLIX",
        "image": "https://api.iextrading.com/1.0/stock/msft/news-image/8194032901676176"
      },
      {
        "datetime": "2018-08-30T12:56:02-04:00",
        "headline": "Viomi Technology Files For $150 Million U.S. IPO",
        "source": "SeekingAlpha",
        "url": "https://api.iextrading.com/1.0/stock/msft/article/8253509227937427",
        "summary": "   Quick Take    Viomi Technology  ( VIOT ) intends to raise gross proceeds of $150 million of ADSs from a U.S. IPO, according to an  F-1 registration statement .   The firm develops AI-powered IoT (Internet of Things) smart home appliances.   VIOT is growing rapidly but is heavily dependent on i…",
        "related": "AMZN,ASIA0001,Asia Pacific,CHINA001,CON102,GE,GOOG,GOOGL,IPO,MSFT,NASDAQ01,RET10217,SPECRTIL",
        "image": "https://api.iextrading.com/1.0/stock/msft/news-image/8253509227937427"
      },
      {
        "datetime": "2018-08-30T11:47:15-04:00",
        "headline": "Sell Canopy Growth - Extreme Overvaluation, Questionable Accounting Assumptions",
        "source": "SeekingAlpha",
        "url": "https://api.iextrading.com/1.0/stock/msft/article/5319164535691137",
        "summary": "   Investment Thesis   The pending legalization of cannabis in Canada has caused a massive inflow of speculative money into Canadian cannabis stocks, and valuations across the board are frothy. Canopy Growth Corporation ( CGC ), the largest pure-play publicly-traded cannabis company, is priced be…",
        "related": "CANADA01,CGC,COM31166,COM31166135,CSCO,Medical Marijuana,MSFT,NASDAQ01,STZ,Computing and Information Technology",
        "image": "https://api.iextrading.com/1.0/stock/msft/news-image/5319164535691137"
      },
      {
        "datetime": "2018-08-30T11:11:46-04:00",
        "headline": "Microsoft will require suppliers to offer 12 weeks paid leave",
        "source": "SeekingAlpha",
        "url": "https://api.iextrading.com/1.0/stock/msft/article/8547707318165883",
        "summary": "      Microsoft (NASDAQ: MSFT )  will require  its contractors and suppliers to provide at least 12 weeks paid time off for new parents.   More news on: Microsoft Corporation, Tech stocks news,     Read more …     ",
        "related": "APPSOFTW,MSFT,NASDAQ01,SOF31165134,Computing and Information Technology,WOMPOLIX",
        "image": "https://api.iextrading.com/1.0/stock/msft/news-image/8547707318165883"
      },
      {
        "datetime": "2018-08-30T09:03:46-04:00",
        "headline": "Microsoft: On An Aggressive Run",
        "source": "SeekingAlpha",
        "url": "https://api.iextrading.com/1.0/stock/msft/article/4888371555913927",
        "summary": "   Investment Thesis   In my previous Microsoft (MSFT)  article , I wrote:     Microsoft posted great Q4 2018  results , yet it trades essentially unchanged in the past month.  As the market looks for direction on whether Microsoft will be in favor or not, I recommend that patient, long-term inve…",
        "related": "APPSOFTW,MSFT,NASDAQ01,SOF31165134,Computing and Information Technology,WOMPOLIX",
        "image": "https://api.iextrading.com/1.0/stock/msft/news-image/4888371555913927"
      },
      {
        "datetime": "2018-08-29T23:25:06-04:00",
        "headline": "Alibaba Reveals Bigger Threats Than Trade War",
        "source": "SeekingAlpha",
        "url": "https://api.iextrading.com/1.0/stock/msft/article/6082735131232327",
        "summary": "   Alibaba (BABA) has expanded its business interests outside of China at a rapid pace in the past few years. It has increased investments in the cloud segment, which should put the company  among the top 3 cloud players  by the end of next year. It is also  investing billions of dollars  to impr…",
        "related": "AMZN,BABA,CHINA001,CON102,GOOG,GOOGL,INTHPINK,JD,MSFT,NASDAQ01,PDD,RET10217,SPECRTIL,TCEHY,WMT",
        "image": "https://api.iextrading.com/1.0/stock/msft/news-image/6082735131232327"
      }
    ],
    "stats": {
      "companyName": "Microsoft Corporation",
      "marketcap": 858456928526,
      "beta": 1.257263,
      "week52high": 111.15,
      "week52low": 72.05,
      "week52change": 53.220703,
      "shortInterest": 44633868,
      "shortDate": "2018-08-15",
      "dividendRate": 1.68,
      "dividendYield": 1.5328467,
      "exDividendDate": "2018-08-15 00:00:00.0",
      "latestEPS": 2.11,
      "latestEPSDate": "2018-06-30",
      "sharesOutstanding": 7668217316,
      "float": 7208616777,
      "returnOnEquity": 19.22,
      "consensusEPS": 0.86,
      "numberOfEstimates": 14,
      "EPSSurpriseDollar": null,
      "EPSSurprisePercent": 11.6279,
      "symbol": "MSFT",
      "EBITDA": 23558000000,
      "revenue": 53456000000,
      "grossProfit": 34114000000,
      "cash": 281251000000,
      "debt": 180503000000,
      "ttmEPS": 3.51,
      "revenuePerShare": 7,
      "revenuePerEmployee": 431097,
      "peRatioHigh": 0,
      "peRatioLow": 11.9,
      "returnOnAssets": 6.44,
      "returnOnCapital": null,
      "profitMargin": 15.47,
      "priceToSales": 7.78356,
      "priceToBook": 10.2,
      "day200MovingAvg": 94.09478,
      "day50MovingAvg": 104.65296,
      "institutionPercent": 75.3,
      "insiderPercent": null,
      "shortRatio": 1.6743548,
      "year5ChangePercent": 2.9729576265171413,
      "year2ChangePercent": 1.016121770513296,
      "year1ChangePercent": 0.5398941950321735,
      "ytdChangePercent": 0.3193498357147234,
      "month6ChangePercent": 0.20366895931824708,
      "month3ChangePercent": 0.13573418443227497,
      "month1ChangePercent": 0.06653583064992483,
      "day5ChangePercent": 0.03274907749077488,
      "day30ChangePercent": 0.0575028385851094
    },
    "financials": {
      "symbol": "MSFT",
      "financials": [
        {
          "reportDate": "2018-06-30",
          "grossProfit": 72007000000,
          "costOfRevenue": 38353000000,
          "operatingRevenue": 110360000000,
          "totalRevenue": 110360000000,
          "operatingIncome": 35058000000,
          "netIncome": 16571000000,
          "researchAndDevelopment": 14726000000,
          "operatingExpense": 36949000000,
          "currentAssets": 169662000000,
          "totalAssets": 258848000000,
          "totalLiabilities": null,
          "currentCash": 11946000000,
          "currentDebt": 3998000000,
          "totalCash": 133768000000,
          "totalDebt": 76240000000,
          "shareholderEquity": 82718000000,
          "cashChange": 4233000000,
          "cashFlow": 43884000000,
          "operatingGainsLosses": 3710000000
        },
        {
          "reportDate": "2017-06-30",
          "grossProfit": 55689000000,
          "costOfRevenue": 34261000000,
          "operatingRevenue": 89950000000,
          "totalRevenue": 89950000000,
          "operatingIncome": 22632000000,
          "netIncome": 21204000000,
          "researchAndDevelopment": 13037000000,
          "operatingExpense": 33057000000,
          "currentAssets": 162696000000,
          "totalAssets": 250312000000,
          "totalLiabilities": null,
          "currentCash": 7663000000,
          "currentDebt": 10121000000,
          "totalCash": 132981000000,
          "totalDebt": 86194000000,
          "shareholderEquity": 87711000000,
          "cashChange": 1134000000,
          "cashFlow": 39507000000,
          "operatingGainsLosses": 7903000000
        },
        {
          "reportDate": "2016-06-30",
          "grossProfit": 58374000000,
          "costOfRevenue": 32780000000,
          "operatingRevenue": 91154000000,
          "totalRevenue": 91154000000,
          "operatingIncome": 27188000000,
          "netIncome": 20539000000,
          "researchAndDevelopment": 11988000000,
          "operatingExpense": 31186000000,
          "currentAssets": 139660000000,
          "totalAssets": 193468000000,
          "totalLiabilities": null,
          "currentCash": 6510000000,
          "currentDebt": 12904000000,
          "totalCash": 113240000000,
          "totalDebt": 53461000000,
          "shareholderEquity": 71997000000,
          "cashChange": 982000000,
          "cashFlow": 33325000000,
          "operatingGainsLosses": 2342000000
        },
        {
          "reportDate": "2015-06-30",
          "grossProfit": 60542000000,
          "costOfRevenue": 33038000000,
          "operatingRevenue": 93580000000,
          "totalRevenue": 93580000000,
          "operatingIncome": 28172000000,
          "netIncome": 12193000000,
          "researchAndDevelopment": 12046000000,
          "operatingExpense": 32370000000,
          "currentAssets": 122797000000,
          "totalAssets": 174472000000,
          "totalLiabilities": null,
          "currentCash": 5595000000,
          "currentDebt": 7484000000,
          "totalCash": 96526000000,
          "totalDebt": 35292000000,
          "shareholderEquity": 80083000000,
          "cashChange": -3001000000,
          "cashFlow": 29668000000,
          "operatingGainsLosses": -291000000
        }
      ]
    }
  },
  "PVTL": {
    "quote": {
      "symbol": "PVTL",
      "companyName": "Pivotal Software Inc. Class A",
      "primaryExchange": "New York Stock Exchange",
      "sector": "Technology",
      "calculationPrice": "tops",
      "open": 27.4,
      "openTime": 1535722200604,
      "close": 27.63,
      "closeTime": 1535659321682,
      "high": 27.855,
      "low": 27.23,
      "latestPrice": 27.75,
      "latestSource": "IEX real time price",
      "latestTime": "11:56:15 AM",
      "latestUpdate": 1535730975090,
      "latestVolume": 168511,
      "iexRealtimePrice": 27.75,
      "iexRealtimeSize": 100,
      "iexLastUpdated": 1535730975090,
      "delayedPrice": 27.74,
      "delayedPriceTime": 1535730067814,
      "extendedPrice": 27.75,
      "extendedChange": 0,
      "extendedChangePercent": 0,
      "extendedPriceTime": 1535730975090,
      "previousClose": 27.63,
      "change": 0.12,
      "changePercent": 0.00434,
      "iexMarketPercent": 0.0188,
      "iexVolume": 3168,
      "avgTotalVolume": 919663,
      "iexBidPrice": 27.68,
      "iexBidSize": 100,
      "iexAskPrice": 0,
      "iexAskSize": 0,
      "marketCap": 7136633168,
      "peRatio": null,
      "week52High": 31.24,
      "week52Low": 15.11,
      "ytdChange": 0.7608562110616655
    },
    "peers": ["XLK"],
    "news": [
      {
        "datetime": "2018-08-24T15:01:37-04:00",
        "headline": "Software stocks move after big day of earnings",
        "source": "SeekingAlpha",
        "url": "https://api.iextrading.com/1.0/stock/pvtl/article/5145649599047747",
        "summary": "      Software stocks showing strength today after the earnings reports from Autodesk ( ADSK   +13.6% ), Splunk ( SPLK   +14.9% ), Veeva Systems ( VEEV   +12.7% ), and Intuit ( INTU   +1.9% ).    More news on: Autodesk, Inc., Splunk Inc., Veeva Systems Inc., Tech stocks news, Stocks on the …",
        "related": "ADBE,ADSK,APPN,APPSOFTW,BSTI,CDAY,DATA,DTRM,FEYE,FNJN,IGV:BZX,INTU,MDB,NASDAQ01,NOW,PFPT,PRO,PSJ,PVTL,QLYS,RNG,SAIL,SOF31165133,SPLK,Computing and Information Technology,VEEV,WDAY,WK,XSW,ZEN,ZS,ZUO",
        "image": "https://api.iextrading.com/1.0/stock/pvtl/news-image/5145649599047747"
      }
    ],
    "stats": {
      "companyName": "Pivotal Software Inc. Class A",
      "marketcap": 7105772051,
      "beta": -11.329091,
      "week52high": 31.24,
      "week52low": 15.11,
      "week52change": 0,
      "shortInterest": 3323782,
      "shortDate": "2018-08-15",
      "dividendRate": 0,
      "dividendYield": 0,
      "exDividendDate": 0,
      "latestEPS": -0.76,
      "latestEPSDate": "2018-01-31",
      "sharesOutstanding": 257175970,
      "float": 255136051,
      "returnOnEquity": -11.58,
      "consensusEPS": 0,
      "numberOfEstimates": 0,
      "EPSSurpriseDollar": null,
      "EPSSurprisePercent": 0,
      "symbol": "PVTL",
      "EBITDA": 0,
      "revenue": 0,
      "grossProfit": 0,
      "cash": 0,
      "debt": 0,
      "ttmEPS": 0,
      "revenuePerShare": 0,
      "revenuePerEmployee": 0,
      "peRatioHigh": 0,
      "peRatioLow": 0,
      "returnOnAssets": -8.66,
      "returnOnCapital": null,
      "profitMargin": -26.61,
      "priceToSales": 12.973188,
      "priceToBook": 5.66,
      "day200MovingAvg": null,
      "day50MovingAvg": 25.051,
      "institutionPercent": 6.5,
      "insiderPercent": 0.8,
      "shortRatio": 3.9694343,
      "year5ChangePercent": 0.7565162110616654,
      "year2ChangePercent": 0.7565162110616654,
      "year1ChangePercent": 0.7565162110616654,
      "ytdChangePercent": 0.7565162110616654,
      "month6ChangePercent": 0.7565162110616654,
      "month3ChangePercent": 0.5065430752453652,
      "month1ChangePercent": 0.2241914045192733,
      "day30ChangePercent": 0.08651199370821862,
      "day5ChangePercent": 0.04067796610169485
    },
    "financials": {
      "symbol": "PVTL",
      "financials": [
        {
          "reportDate": "2018-01-31",
          "grossProfit": 281042000,
          "costOfRevenue": 228394000,
          "operatingRevenue": 509436000,
          "totalRevenue": 509436000,
          "operatingIncome": -168296000,
          "netIncome": -163515000,
          "researchAndDevelopment": 160947000,
          "operatingExpense": 449338000,
          "currentAssets": 366734000,
          "totalAssets": 1153397000,
          "totalLiabilities": null,
          "currentCash": 73012000,
          "currentDebt": null,
          "totalCash": 73012000,
          "totalDebt": null,
          "shareholderEquity": 707087000,
          "cashChange": -57922000,
          "cashFlow": -116491000,
          "operatingGainsLosses": null
        },
        {
          "reportDate": "2017-01-31",
          "grossProfit": 181918000,
          "costOfRevenue": 234349000,
          "operatingRevenue": 416267000,
          "totalRevenue": 416267000,
          "operatingIncome": -226520000,
          "netIncome": -232537000,
          "researchAndDevelopment": 152122000,
          "operatingExpense": 408438000,
          "currentAssets": 328689000,
          "totalAssets": 1116245000,
          "totalLiabilities": null,
          "currentCash": 133873000,
          "currentDebt": null,
          "totalCash": 133873000,
          "totalDebt": null,
          "shareholderEquity": -491355000,
          "cashChange": 63009000,
          "cashFlow": -166351000,
          "operatingGainsLosses": null
        },
        {
          "reportDate": "2016-01-31",
          "grossProfit": 93535000,
          "costOfRevenue": 187339000,
          "operatingRevenue": 280874000,
          "totalRevenue": 280874000,
          "operatingIncome": -272722000,
          "netIncome": -282546000,
          "researchAndDevelopment": 120493000,
          "operatingExpense": 366257000,
          "currentAssets": null,
          "totalAssets": null,
          "totalLiabilities": null,
          "currentCash": 69862000,
          "currentDebt": null,
          "totalCash": null,
          "totalDebt": null,
          "shareholderEquity": null,
          "cashChange": 5070000,
          "cashFlow": 29190000,
          "operatingGainsLosses": null
        }
      ]
    }
  }
}
